@InProceedings{Lam2015,
  author    = {Lam, Siu Kwan and Pitrou, Antoine and Seibert, Stanley},
  booktitle = {Proceedings of the Second Workshop on the LLVM Compiler Infrastructure in HPC},
  title     = {Numba: A {LLVM}-based python {JIT} compiler},
  year      = {2015},
  pages     = {1--6},
}

@Book{VanRossum2010,
  author    = {VanRossum, Guido and Drake, Fred L.},
  publisher = {Python Software Foundation Amsterdam, Netherlands},
  title     = {The Python Language Reference},
  year      = {2010},
}

@Article{Chiang2014,
  author    = {Chiang, Chia-Wen and Wang, Yong and Sun, Peng and Lin, Tsen-Hsuan and Trinkaus, Kathryn and Cross, Anne H. and Song, Sheng-Kwei},
  journal   = {{NeuroImage}},
  title     = {Quantifying white matter tract diffusion parameters in the presence of increased extra-fiber cellularity and vasogenic edema},
  year      = {2014},
  month     = nov,
  pages     = {310--319},
  volume    = {101},
  doi       = {10.1016/j.neuroimage.2014.06.064},
  publisher = {Elsevier {BV}},
}

@Article{Ye2020,
  author    = {Ye, Zezhong and Gary, Sam E. and Sun, Peng and Mustafi, Sourajit Mitra and Glenn, George Russell and Yeh, Fang-Cheng and Merisaari, Harri and Song, Chunyu and Yang, Ruimeng and Huang, Guo-Shu and Kao, Hung-Wen and Lin, Chien-Yuan and Wu, Yu-Chien and Jensen, Jens H. and Song, Sheng-Kwei},
  journal   = {{NMR} in Biomedicine},
  title     = {The impact of edema and fiber crossing on diffusion {MRI} metrics assessed in an ex vivo nerve phantom: {M}ulti-tensor model {vs.} diffusion orientation distribution function},
  year      = {2020},
  number    = {1},
  volume    = {34},
  doi       = {10.1002/nbm.4414},
  publisher = {Wiley},
}

@Article{Kerkelae2020,
  author    = {Leevi Kerkelä and Fabio Nery and Matt Hall and Chris Clark},
  journal   = {Journal of Open Source Software},
  title     = {Disimpy: A Massively Parallel {M}onte {C}arlo Simulator for Generating Diffusion-Weighted {MRI} Data in Python},
  year      = {2020},
  month     = aug,
  number    = {52},
  pages     = {2527},
  volume    = {5},
  doi       = {10.21105/joss.02527},
  publisher = {The Open Journal},
}

@Article{Yeh2013,
  author    = {Yeh, Chun-Hung and Schmitt, Benoı̂t and Bihan, Denis Le and Li-Schlittgen, Jing-Rebecca and Lin, Ching-Po and Poupon, Cyril},
  journal   = {{PLoS} {ONE}},
  title     = {Diffusion Microscopist Simulator: A General Monte Carlo Simulation System for Diffusion Magnetic Resonance Imaging},
  year      = {2013},
  number    = {10},
  pages     = {e76626},
  volume    = {8},
  doi       = {10.1371/journal.pone.0076626},
  editor    = {Wang Zhan},
  publisher = {Public Library of Science ({PLoS})},
}

@Article{RafaelPatino2020,
  author    = {Rafael-Patino, Jonathan and Romascano, David and Ramirez-Manzanares, Alonso and Canales-Rodrı́guez, Erick Jorge and Girard, Gabriel and Thiran, Jean-Philippe},
  journal   = {Frontiers in Neuroinformatics},
  title     = {Robust Monte-Carlo Simulations in Diffusion-{MRI}: Effect of the Substrate Complexity and Parameter Choice on the Reproducibility of Results},
  year      = {2020},
  month     = mar,
  volume    = {14},
  doi       = {10.3389/fninf.2020.00008},
  publisher = {Frontiers Media {SA}},
}

@InCollection{Panagiotaki2010,
  author    = {Panagiotaki, Eleftheria and Hall, Matt G. and Zhang, Hui and Siow, Bernard and Lythgoe, Mark F. and Alexander, Daniel C.},
  booktitle = {Medical Image Computing and Computer-Assisted Intervention {\textendash} {MICCAI} 2010},
  publisher = {Springer Berlin Heidelberg},
  title     = {High-Fidelity Meshes from Tissue Samples for Diffusion {MRI} Simulations},
  year      = {2010},
  pages     = {404--411},
  doi       = {10.1007/978-3-642-15745-5_50},
}

@Article{Ianus2016,
  author    = {Andrada Ianuş and Ivana Drobnjak and Daniel C. Alexander},
  journal   = {{NMR} in Biomedicine},
  title     = {Model-based estimation of microscopic anisotropy using diffusion {MRI}: a simulation study},
  year      = {2016},
  month     = mar,
  number    = {5},
  pages     = {672--685},
  volume    = {29},
  doi       = {10.1002/nbm.3496},
  publisher = {Wiley},
}

@Article{Novikov2018,
  author    = {Novikov, Dmitry S. and Kiselev, Valerij G. and Jespersen, Sune N.},
  journal   = {Magnetic Resonance in Medicine},
  title     = {On modeling},
  year      = {2018},
  month     = mar,
  number    = {6},
  pages     = {3172--3193},
  volume    = {79},
  doi       = {10.1002/mrm.27101},
  publisher = {Wiley},
}

@Article{Behrens2003,
  author    = {Behrens, T. E. J. and Johansen-Berg, H. and Woolrich, M. W. and Smith, S. M. and Wheeler-Kingshott, C. A. M. and Boulby, P. A. and Barker, G. J. and Sillery, E. L. and Sheehan, K. and Ciccarelli, O. and Thompson, A. J. and Brady, J. M. and Matthews, P. M.},
  journal   = {Nature Neuroscience},
  title     = {Non-invasive mapping of connections between human thalamus and cortex using diffusion imaging},
  year      = {2003},
  number    = {7},
  pages     = {750--757},
  volume    = {6},
  doi       = {10.1038/nn1075},
  publisher = {Springer Science and Business Media {LLC}},
}

@Comment{jabref-meta: databaseType:bibtex;}
